@ARTICLE{Studio-Aloha,
author = {Villa, Bel√©n},
year = 2022,
title = {Estudio de Redes Sociales 2022 de IAB Spain},
journal = {Studio Aloha}
}

@ARTICLE{Tabaco-Study,
author = {Brainstation},
year = 2012,
title = {ADDICTION: Study Finds Social Media to Be Like Smoking Cigarettes},
journal = {Digital}
}

@ARTICLE{Social-Deliberately,
author = {Andersson, Hilary},
year = 2018,
title = {Social media apps are 'deliberately' addictive to users},
journal = {BBC Panorama}
}
